<?xml version="1.0" encoding="UTF-8"?>
<record xmlns="http://www.loc.gov/MARC21/slim" xmlns:xsi="http://www.w3.org/2001/XMLSchema-instance" xsi:schemaLocation="http://www.loc.gov/MARC21/slim http://www.loc.gov/standards/marcxml/schema/MARC21slim.xsd">
<leader>00000cam a22      a 4500</leader>
<controlfield tag="001">002818882</controlfield>
<controlfield tag="003">NNU</controlfield>
<controlfield tag="005">20141112184402.0</controlfield>
<controlfield tag="008">901212r19681897iq       b    000 0 ara</controlfield>
<datafield tag="010" ind1=" " ind2=" ">
<subfield code="a">   76961406</subfield>
</datafield>
<datafield tag="035" ind1=" " ind2=" ">
<subfield code="a">(OCoLC)22840027</subfield>
</datafield>
<datafield tag="040" ind1=" " ind2=" ">
<subfield code="a">DLC</subfield>
<subfield code="b">eng</subfield>
<subfield code="c">WAU</subfield>
<subfield code="d">WAU</subfield>
<subfield code="d">OSU</subfield>
<subfield code="d">CLU</subfield>
<subfield code="d">YUS</subfield>
<subfield code="d">OCLCA</subfield>
<subfield code="d">GZM</subfield>
<subfield code="d">OCLCF</subfield>
<subfield code="d">OCLCQ</subfield>
<subfield code="d">NNU</subfield>
</datafield>
<datafield tag="041" ind1="0" ind2=" ">
<subfield code="a">ara</subfield>
<subfield code="a">fre</subfield>
</datafield>
<datafield tag="050" ind1=" " ind2="4">
<subfield code="a">PJ7755.U4</subfield>
<subfield code="b">A6 1968</subfield>
</datafield>
<datafield tag="050" ind1=" " ind2="4">
<subfield code="a">PJ7741.U55</subfield>
<subfield code="b">A6 1968</subfield>
</datafield>
<datafield tag="100" ind1="0" ind2=" ">
<subfield code="6">880-01</subfield>
<subfield code="a">ʻUmārah ibn ʻAlī al-Ḥakamī,</subfield>
<subfield code="d">1120 or 1121-1174.</subfield>
</datafield>
<datafield tag="240" ind1="1" ind2="0">
<subfield code="6">880-02</subfield>
<subfield code="a">Nukat al-ʻaṣrīyah fī akhbār al-wuzarāʼ al-Miṣrīyah</subfield>
</datafield>
<datafield tag="245" ind1="1" ind2="0">
<subfield code="6">880-03</subfield>
<subfield code="a">Kitāb fīhi al-nukat al-ʻaṣrīyah fī akhbār al-wuzarāʼ al-Miṣrīyah /</subfield>
<subfield code="c">taʼlīf Najm al-Dīn Abī Muḥammad ʻUmạrah ibn Abī al-Ḥasan al-Ḥakamī thumma al-Yamanī ; wa-fīhi qaṣāʼid min shiʻrihi wa-maqāṭīʻ min nathrih ; iʻtaná bi-taṣḥīḥihi Hartwīgh Daranburgh.</subfield>
</datafield>
<datafield tag="246" ind1="1" ind2="5">
<subfield code="a">ʻOumâra du Yémen :</subfield>
<subfield code="b">sa vie et son æuvre</subfield>
</datafield>
<datafield tag="260" ind1=" " ind2=" ">
<subfield code="6">880-04</subfield>
<subfield code="a">Baghdād :</subfield>
<subfield code="b">Maktabat al-Muthanná,</subfield>
<subfield code="c">[1968?]</subfield>
</datafield>
<datafield tag="300" ind1=" " ind2=" ">
<subfield code="a">volumes ;</subfield>
<subfield code="c">24 cm.</subfield>
</datafield>
<datafield tag="336" ind1=" " ind2=" ">
<subfield code="a">text</subfield>
<subfield code="b">txt</subfield>
<subfield code="2">rdacontent</subfield>
</datafield>
<datafield tag="337" ind1=" " ind2=" ">
<subfield code="a">unmediated</subfield>
<subfield code="b">n</subfield>
<subfield code="2">rdamedia</subfield>
</datafield>
<datafield tag="338" ind1=" " ind2=" ">
<subfield code="a">volume</subfield>
<subfield code="b">nc</subfield>
<subfield code="2">rdacarrier</subfield>
</datafield>
<datafield tag="490" ind1="1" ind2=" ">
<subfield code="a">Publications de lʼÉcole des langues orientales vivantes. 4e sér. ;</subfield>
<subfield code="v">v. 10</subfield>
</datafield>
<datafield tag="530" ind1=" " ind2=" ">
<subfield code="a">Also issued online.</subfield>
</datafield>
<datafield tag="546" ind1=" " ind2=" ">
<subfield code="a">Arabic with preface in French.</subfield>
</datafield>
<datafield tag="500" ind1=" " ind2=" ">
<subfield code="a">Reprint of v. 1 of the ed. published in Paris, 1897.</subfield>
</datafield>
<datafield tag="504" ind1=" " ind2=" ">
<subfield code="a">Includes bibliographical references.</subfield>
</datafield>
<datafield tag="600" ind1="0" ind2="0">
<subfield code="6">880-05</subfield>
<subfield code="a">ʻUmārah ibn ʻAlī al-Ḥakamī,</subfield>
<subfield code="d">1120 or 1121-1174.</subfield>
</datafield>
<datafield tag="600" ind1="0" ind2="7">
<subfield code="a">ʻUmārah ibn ʻAlī al-Ḥakamī,</subfield>
<subfield code="d">1120 or 1121-1174</subfield>
<subfield code="2">fast</subfield>
<subfield code="0">(OCoLC)fst01852182</subfield>
</datafield>
<datafield tag="700" ind1="1" ind2=" ">
<subfield code="a">Derenbourg, Hartwig,</subfield>
<subfield code="d">1844-1908.</subfield>
</datafield>
<datafield tag="776" ind1="0" ind2="8">
<subfield code="i">Online version:</subfield>
<subfield code="a">ʻUmārah ibn ʻAlī al-Ḥakamī, 1120 or 21-1174.</subfield>
<subfield code="s">Nukat al-ʻaṣrīyah fī akhbār al-wuzarāʼ al-Miṣrīyah.</subfield>
<subfield code="t">Kitāb fīhi al-nukat al-ʻaṣrīyah fī akhbār al-wuzarāʼ al-Miṣrīyah.</subfield>
<subfield code="d">Baghdād : Maktabat al-Muthanná, [1968?]</subfield>
<subfield code="w">(OCoLC)541314976</subfield>
</datafield>
<datafield tag="880" ind1="0" ind2=" ">
<subfield code="6">100-01/</subfield>
<subfield code="a">عمارة بن علي الحكمي،</subfield>
<subfield code="d">1120 or 1121-1174.</subfield>
</datafield>
<datafield tag="880" ind1="1" ind2="0">
<subfield code="6">240-02/</subfield>
<subfield code="a">نكت العصرية في أخبار الوزراء المصريه</subfield>
</datafield>
<datafield tag="880" ind1="1" ind2="0">
<subfield code="6">245-03/</subfield>
<subfield code="a">كتاب فيه النكة العصرية في اخبار الوزراء المصرية /</subfield>
<subfield code="c">تأليف نجم الدين أبي محمد عمرة بن أبي الحسن الحكمي ثم اليمني ؛ وفيه قصائد من شعره ومقاطيع من نثره ؛ اعتنى بتصحيحه هرتويغ درنبرغ.</subfield>
</datafield>
<datafield tag="880" ind1=" " ind2=" ">
<subfield code="6">260-04/</subfield>
<subfield code="a">بغداد :</subfield>
<subfield code="b">مكتبة المثنى،</subfield>
<subfield code="c">[1968?]</subfield>
</datafield>
<datafield tag="880" ind1="0" ind2="4">
<subfield code="6">600-05/</subfield>
<subfield code="a">عمارة بن علي الحكمي.</subfield>
</datafield>
<datafield tag="830" ind1=" " ind2="0">
<subfield code="a">Publications de l'École des langues orientales vivantes.</subfield>
<subfield code="n">4. sér. ;</subfield>
<subfield code="v">v. 10.</subfield>
</datafield>
<datafield tag="OWN" ind1=" " ind2=" ">
<subfield code="a">GENERAL</subfield>
</datafield>
<datafield tag="AVA" ind1=" " ind2=" ">
<subfield code="a">NYU50</subfield>
<subfield code="b">BOBST</subfield>
<subfield code="c">Main Collection</subfield>
<subfield code="d">PJ7755.U4 A6 1968</subfield>
<subfield code="e">unavailable</subfield>
<subfield code="t">Unavailable</subfield>
<subfield code="f">1</subfield>
<subfield code="g">1</subfield>
<subfield code="h">N</subfield>
<subfield code="i">0</subfield>
<subfield code="j">MAIN</subfield>
<subfield code="k">0</subfield>
</datafield>
</record>
